@book{fabozziquantitative,
	title={Quantitative Equity Investing: Techniques and Strategies},
	author={Fabozzi, F.J. and Focardi, S.M. and Kolm, P.N.},
	isbn={9780470262474},
	lccn={2009050962},
	series={Frank J. Fabozzi Series},
	url={https://books.google.com.br/books?id=eNWNDwAAQBAJ},
	year={2010},
	publisher={Wiley}
}

@article{Wigner,
	ISSN = {0003486X},
	URL = {http://www.jstor.org/stable/1970079},
	author = {Eugene P. Wigner},
	journal = {Annals of Mathematics},
	number = {3},
	pages = {548--564},
	publisher = {Annals of Mathematics},
	title = {Characteristic Vectors of Bordered Matrices With Infinite Dimensions},
	urldate = {2024-04-29},
	volume = {62},
	year = {1955}
}

@article{montgomery,
	author = {Goldston, D. and Gonek, S. and Zlu, È and Snyder, Chip},
	year = {2000},
	month = {01},
	pages = {},
	title = {On the Pair Correlation of Zeros of the Riemann Zeta-Function},
	volume = {80},
	journal = {Proceedings of the London Mathematical Society},
	doi = {10.1112/S0024611500012211}
}

@phdthesis{AlanThesis,
	title    = {Eigenvalues and Condition Numbers of Random Matrices},
	school   = {Massachusetts Institute of Technology},
	author   = {Alan Edelman},
	year     = {1984},
}

@article{ChafaCoulombMeasure,
	title={Concentration for Coulomb gases and Coulomb transport inequalities},
	volume={275},
	ISSN={0022-1236},
	DOI={10.1016/j.jfa.2018.06.004},
	number={6},
	journal={Journal of Functional Analysis},
	publisher={Elsevier BV},
	author={Chafaï, Djalil and Hardy, Adrien and Maïda, Mylène},
	year={2018},
	month={sep}, 
	pages={1447–1483}
}

@book{RMT-firstcourse-Potters,
	title={A First Course in Random matriz Theory: for Physicists, Engineers and Data Scientists},
	author={Potters, M. and Bouchaud, J.P.},
	isbn={9781108488082},
	lccn={2020022793},
	year={2020},
	publisher={Cambridge University Press},
	address = {Cambridge, Inglaterra}
}

@book{leimmolecular,
	title={Molecular Dynamics: With Deterministic and Stochastic Numerical Methods},
	author={Leimkuhler, B. and Matthews, C.},
	isbn={9783319163758},
	series={Interdisciplinary Applied Mathematics},
	year={2015},
	publisher={Springer International Publishing},
	address = {Cham, Suiça}
}

@article{Stoltz2018,
	title={Langevin Dynamics With General Kinetic Energies},
	volume={16},
	ISSN={1540-3467},
	DOI={10.1137/16m110575x},
	number={2},
	journal={Multiscale Modeling \& amp; Simulation},
	publisher={Society for Industrial \& Applied Mathematics (SIAM)},
	author={Stoltz, Gabriel and Trstanova, Zofia},
	year={2018},
	month={jan},
	pages={777–806}
}

@article{Chafa2018,
	doi = {10.1007/s10955-018-2195-6},
	year = 2018,
	month = {nov},
	publisher = {Springer Science and Business Media {LLC}},
	volume = {174},
	number = {3},
	pages = {692--714},
	author = {Djalil Chafaï and Gr{\'{e}}goire Ferr{\'{e}}},
	title = {Simulating Coulomb and Log-Gases with Hybrid Monte Carlo Algorithms},
	journal = {Journal of Statistical Physics}
}

@article{balogh2016orthogonal,
	title={Orthogonal polynomials for a class of measures with discrete rotational symmetries in the complex plane}, 
	author={Ferenc Balogh and Tamara Grava and Dario Merzi},
	year={2016},
	eprint={1509.05331},
	archivePrefix={arXiv},
	primaryClass={math-ph}
}

@misc{bleher2016mother,
	title={The mother body phase transition in the normal matrix model}, 
	author={Pavel Bleher and Guilherme Silva},
	year={2016},
	eprint={1601.05124},
	archivePrefix={arXiv},
	primaryClass={math-ph}
}
