@Misc{fyodorov2010introduction,
	title={Introduction to the Random Matrix Theory: Gaussian Unitary Ensemble and Beyond}, 
	author={Yan V. Fyodorov},
	year={2010},
	eprint={math-ph/0412017},
	archivePrefix={arXiv},
	primaryClass={math-ph}
}

@book{Livan_2018,
doi = {10.1007/978-3-319-70885-0},

url = {https://doi.org/10.1007%2F978-3-319-70885-0},

year = 2018,
publisher = {Springer International Publishing},

author = {Giacomo Livan and Marcel Novaes and Pierpaolo Vivo},

title = {Introduction to Random Matrices}
}

@online{ArnoLectureNotes,
	author = {Arno Kuijlaars},
	title = {Lecture notes on
	Riemann-Hilbert Problems and
	Multiple Orthogonal Polynomials},
	date = {2012},
	url = {https://perswww.kuleuven.be/%7Eu0017946/index.html},
}

@incollection{MEHTA1967v,
	title = {Preface},
	editor = {M.L. MEHTA},
	booktitle = {Random Matrices and the Statistical Theory of Energy Levels},
	publisher = {Academic Press},
	year = {1967},
	isbn = {978-1-4832-3258-4},
	doi = {https://doi.org/10.1016/B978-1-4832-3258-4.50003-3},
	url = {https://www.sciencedirect.com/science/article/pii/B9781483232584500033},
	author = {M.L. MEHTA}
}

@misc{propp2002generalized,
	title={Generalized domino-shuffling}, 
	author={James Propp},
	year={2002},
	eprint={math/0111034},
	archivePrefix={arXiv},
	primaryClass={math.CO}
}

@article{Chafa__2018,
	doi = {10.1007/s10955-018-2195-6},
	
	url = {https://doi.org/10.1007%2Fs10955-018-2195-6},
	
	year = 2018,
	month = {nov},
	
	publisher = {Springer Science and Business Media {LLC}
	},
	
	volume = {174},
	
	number = {3},
	
	pages = {692--714},
	
	author = {Djalil Chafa√Ø and Gr{\'{e}}goire Ferr{\'{e}}},
	
	title = {Simulating Coulomb and Log-Gases with Hybrid Monte Carlo Algorithms},
	
	journal = {Journal of Statistical Physics}
}