@article{Byun_2023,
	title={Partition Functions of Determinantal and Pfaffian Coulomb Gases with Radially Symmetric Potentials},
	volume={401},
	ISSN={1432-0916},
	url={http://dx.doi.org/10.1007/s00220-023-04673-1},
	DOI={10.1007/s00220-023-04673-1},
	number={2},
	journal={Communications in Mathematical Physics},
	publisher={Springer Science and Business Media LLC},
	author={Byun, Sung-Soo and Kang, Nam-Gyu and Seo, Seong-Mi},
	year={2023},
	month=mar, pages={1627â€“1663}
}

@book{landau2013statistical,
	title={Statistical Physics: Volume 5},
	author={Landau, L.D. and Lifshitz, E.M.},
	number={v. 5},
	isbn={9780080570464},
	year={2013},
	publisher={Elsevier Science}
}

@book{RMT-firstcourse-Potters,
	title={A First Course in Random matriz Theory: for Physicists, Engineers and Data Scientists},
	author={Potters, M. and Bouchaud, J.P.},
	isbn={9781108488082},
	lccn={2020022793},
	year={2020},
	publisher={Cambridge University Press},
	address = {Cambridge, Inglaterra}
}

@book{IntroRMT,
  title={Introduction to Random Matrices, Theory and Practice},
  author={Giacomo Livan, Marcel Novaes, Pierpaolo Vivo},
  year={2018},
  publisher={Springer Cham}
}

@article{Dyson,
	author = {Dyson, Freeman J.},
	title = {Statistical Theory of the Energy Levels of Complex Systems. I},
	journal = {Journal of Mathematical Physics},
	volume = {3},
	number = {1},
	pages = {140-156},
	year = {1962},
	month = {01},
	issn = {0022-2488},
	doi = {10.1063/1.1703773}
}

@book{fabozziquantitative,
	title={Quantitative Equity Investing: Techniques and Strategies},
	author={Fabozzi, F.J. and Focardi, S.M. and Kolm, P.N.},
	isbn={9780470262474},
	lccn={2009050962},
	series={Frank J. Fabozzi Series},
	url={https://books.google.com.br/books?id=eNWNDwAAQBAJ},
	year={2010},
	publisher={Wiley}
}

@book{feynmanstatistical,
	title={Statistical Mechanics: A Set Of Lectures},
	author={Feynman, R.P.},
	isbn={9780813346106},
	series={Advanced Books Classics},
	url={https://books.google.com.br/books?id=Ou4ltPYiXPgC},
	year={1998},
	publisher={Avalon Publishing}
}