@book{IntroRM,
	doi = {10.1007/978-3-319-70885-0},
	url = {https://doi.org/10.1007%2F978-3-319-70885-0},
	year = 2018,
	publisher = {Springer International Publishing},
	author = {Giacomo Livan and Marcel Novaes and Pierpaolo Vivo},
	title = {Introduction to Random Matrices}
}

@book{weyl1946classical,
	title={The Classical Groups: Their Invariants and Representations},
	author={Weyl, H.},
	number={N{\textordmasculine} 1,pt. 1},
	isbn={9780691057569},
	lccn={67024230},
	series={Princeton Landmarks in Mathematics and Physics},
	url={https://books.google.com.br/books?id=zmzKSP2xTtYC},
	year={1946},
	publisher={Princeton University Press}
}

@book{landau2013statistical,
	title={Statistical Physics: Volume 5},
	author={Landau, L.D. and Lifshitz, E.M.},
	number={v. 5},
	isbn={9780080570464},
	url={https://books.google.com.br/books?id=VzgJN-XPTRsC},
	year={2013},
	publisher={Elsevier Science}
}

@article{Chafa2018,
	doi = {10.1007/s10955-018-2195-6},
	url = {https://doi.org/10.1007%2Fs10955-018-2195-6},
	year = 2018,
	month = {nov},
	publisher = {Springer Science and Business Media {LLC}},
	volume = {174},
	number = {3},
	pages = {692--714},
	author = {Djalil Chafaï and Gr{\'{e}}goire Ferr{\'{e}}},
	title = {Simulating Coulomb and Log-Gases with Hybrid Monte Carlo Algorithms},
	journal = {Journal of Statistical Physics}
}

@phdthesis{AlanThesis,
	title    = {Eigenvalues and Condition Numbers of Random Matrices},
	school   = {Massachusetts Institute of Technology},
	author   = {Alan Edelman},
	year     = {1984},
}

@misc{CoulombGaschafai,
	title={Aspects of Coulomb gases}, 
	author={Djalil Chafaï},
	year={2021},
	eprint={2108.10653},
	archivePrefix={arXiv},
	primaryClass={math.PR}
}

@book{deiftorthogonal,
	title={Orthogonal Polynomials and Random Matrices: A Riemann-Hilbert Approach},
	author={Deift, P.},
	isbn={9780821883440},
	series={Courant lecture notes in mathematics},
	url={https://books.google.com.br/books?id=SBR8yv0LkFgC},
	publisher={Courant Institute of Mathematical Sciences, New York University}
}

@book{RMT-firstcourse-Potters,
	title={A First Course in Random Matrix Theory: for Physicists, Engineers and Data Scientists},
	author={Potters, M. and Bouchaud, J.P.},
	isbn={9781108488082},
	lccn={2020022793},
	url={https://books.google.com.br/books?id=9K-WzQEACAAJ},
	year={2020},
	publisher={Cambridge University Press}
}

@book{leimmolecular,
	title={Molecular Dynamics: With Deterministic and Stochastic Numerical Methods},
	author={Leimkuhler, B. and Matthews, C.},
	isbn={9783319163758},
	series={Interdisciplinary Applied Mathematics},
	url={https://books.google.com.br/books?id=AGF1CQAAQBAJ},
	year={2015},
	publisher={Springer International Publishing}
}

@article{Stoltz2018,
	title={Langevin Dynamics With General Kinetic Energies},
	volume={16},
	ISSN={1540-3467},
	url={http://dx.doi.org/10.1137/16M110575X},
	DOI={10.1137/16m110575x},
	number={2},
	journal={Multiscale Modeling \& amp; Simulation},
	publisher={Society for Industrial \& Applied Mathematics (SIAM)},
	author={Stoltz, Gabriel and Trstanova, Zofia},
	year={2018},
	month=jan,
	pages={777–806}
}

@article{NormalVariable,
	author = {Boiroju, Naveen},
	year = {2011},
	month = {01},
	pages = {83-85},
	title = {Generation of Standard Normal Random Variables},
	volume = {2},
	journal = {Indian Journal of Scientific Research}
}

@article{ChafaCoulombMeasure,
	title={Concentration for Coulomb gases and Coulomb transport inequalities},
	volume={275},
	ISSN={0022-1236},
	url={http://dx.doi.org/10.1016/j.jfa.2018.06.004},
	DOI={10.1016/j.jfa.2018.06.004},
	number={6},
	journal={Journal of Functional Analysis},
	publisher={Elsevier BV},
	author={Chafaï, Djalil and Hardy, Adrien and Maïda, Mylène},
	year={2018},
	month=sep, pages={1447–1483} }

@article{Verlet,
	title = {Computer "Experiments" on Classical Fluids. I. Thermodynamical Properties of Lennard-Jones Molecules},
	author = {Verlet, Loup},
	journal = {Phys. Rev.},
	volume = {159},
	issue = {1},
	pages = {98--103},
	numpages = {0},
	year = {1967},
	month = {Jul},
	publisher = {American Physical Society},
	doi = {10.1103/PhysRev.159.98},
	url = {https://link.aps.org/doi/10.1103/PhysRev.159.98}
}

@article{DPD,
	doi = {10.1209/0295-5075/30/4/001},
	url = {https://dx.doi.org/10.1209/0295-5075/30/4/001},
	year = {1995},
	month = {may},
	publisher = {},
	volume = {30},
	number = {4},
	pages = {191},
	author = {P. Español and  P. Warren},
	title = {Statistical Mechanics of Dissipative Particle Dynamics},
	journal = {Europhysics Letters},
	abstract = {The stochastic differential equations corresponding to the updating algorithm of Dissipative Particle Dynamics (DPD), and the corresponding Fokker-Planck equation are derived. It is shown that a slight modification to the algorithm is required before the Gibbs distribution is recovered as the stationary solution to the Fokker-Planck equation. The temperature of the system is then directly related to the noise amplitude by means of a fluctuation-dissipation theorem. However, the correspondingly modified, discrete DPD algorithm is only found to obey these predictions if the length of the time step is sufficiently reduced. This indicates the importance of time discretisation in DPD.}
}

@article{Hoover,
	title = {Canonical dynamics: Equilibrium phase-space distributions},
	author = {Hoover, William G.},
	journal = {Phys. Rev. A},
	volume = {31},
	issue = {3},
	pages = {1695--1697},
	numpages = {0},
	year = {1985},
	month = {Mar},
	publisher = {American Physical Society},
	doi = {10.1103/PhysRevA.31.1695},
	url = {https://link.aps.org/doi/10.1103/PhysRevA.31.1695}
}

@incollection{MEHTA1967v,
	title = {Preface},
	editor = {M.L. MEHTA},
	booktitle = {Random Matrices and the Statistical Theory of Energy Levels},
	publisher = {Academic Press},
	year = {1967},
	isbn = {978-1-4832-3258-4},
	doi = {https://doi.org/10.1016/B978-1-4832-3258-4.50003-3},
	url = {https://www.sciencedirect.com/science/article/pii/B9781483232584500033},
	author = {M.L. MEHTA}
}


