%%%%%%%%%%%%%%%%%%%%%%%%%%%%%%%%%%%%%%%%%%%%%%%%%%%%%%%%%%%%%%%%%%%%%
% In English:
%    Bibliography template.
%
% In Portuguese:
%    Modelo de bibliografaa
%
%%%%%%%%%%%%%%%%%%%%%%%%%%%%%%%%%%%%%%%%%%%%%%%%%%%%%%%%%%%%%%%%%%%%%


@article{Chafa__2018,
	doi = {10.1007/s10955-018-2195-6},
	
	url = {https://doi.org/10.1007%2Fs10955-018-2195-6},
	
	year = 2018,
	month = {nov},
	
	publisher = {Springer Science and Business Media {LLC}},
	
	volume = {174},
	
	number = {3},
	
	pages = {692--714},
	
	author = {Djalil Chafa√Ø and Gr{\'{e}}goire Ferr{\'{e}}},
	
	title = {Simulating Coulomb and Log-Gases with Hybrid Monte Carlo Algorithms},
	
	journal = {Journal of Statistical Physics}
}