%%%%%%%%%%%%%%%%%%%%%%%%%%%%%%%%%%%%%%%%%%%%%%%%%%%%%%%%%%%%%%%%%%%%%
% In English:
%    Bibliography template.
%
% In Portuguese:
%    Modelo de bibliografaa
%
%%%%%%%%%%%%%%%%%%%%%%%%%%%%%%%%%%%%%%%%%%%%%%%%%%%%%%%%%%%%%%%%%%%%%

@misc{Guilherme,
	title={The mother body phase transition in the normal matrix model}, 
	author={Pavel Bleher and Guilherme Silva},
	year={2016},
	eprint={1601.05124},
	archivePrefix={arXiv},
	primaryClass={math-ph}
}

@article{balogh2016orthogonal,
	title={Orthogonal polynomials for a class of measures with discrete rotational symmetries in the complex plane}, 
	author={Ferenc Balogh and Tamara Grava and Dario Merzi},
	year={2016},
	eprint={1509.05331},
	archivePrefix={arXiv},
	primaryClass={math-ph}
}

@book{IntroRM,
	doi = {10.1007/978-3-319-70885-0},
	url = {https://doi.org/10.1007%2F978-3-319-70885-0},
	year = 2018,
	publisher = {Springer International Publishing},
	author = {Giacomo Livan and Marcel Novaes and Pierpaolo Vivo},
	title = {Introduction to Random Matrices}
}

@book{handbookmontecarlo,
	title={Handbook of Markov Chain Monte Carlo},
	author={Brooks, S. and Gelman, A. and Jones, G. and Meng, X.L.},
	isbn={9781420079425},
	series={ISSN},
	year={2011},
	publisher={CRC Press}
	adress={Florida, USA}
}

@book{landau2013statistical,
	title={Statistical Physics: Volume 5},
	author={Landau, L.D. and Lifshitz, E.M.},
	number={v. 5},
	isbn={9780080570464},
	year={2013},
	publisher={Elsevier Science}
}

@article{Chafa2018,
	doi = {10.1007/s10955-018-2195-6},
	year = 2018,
	month = {nov},
	publisher = {Springer Science and Business Media {LLC}},
	volume = {174},
	number = {3},
	pages = {692--714},
	author = {Djalil Chafaï and Gr{\'{e}}goire Ferr{\'{e}}},
	title = {Simulating Coulomb and Log-Gases with Hybrid Monte Carlo Algorithms},
	journal = {Journal of Statistical Physics}
}

@phdthesis{AlanThesis,
	title    = {Eigenvalues and Condition Numbers of Random Matrices},
	school   = {Massachusetts Institute of Technology},
	author   = {Alan Edelman},
	year     = {1984},
}

@misc{CoulombGaschafai,
	title={Aspects of Coulomb gases}, 
	author={Djalil Chafaï},
	year={2021},
	eprint={2108.10653},
	archivePrefix={arXiv},
	primaryClass={math.PR}
}

@book{deiftorthogonal,
	title={Orthogonal Polynomials and Random Matrices: A Riemann-Hilbert Approach},
	author={Deift, P.},
	isbn={9780821883440},
	series={Courant lecture notes in mathematics},
	publisher={Courant Institute of Mathematical Sciences, New York University}
}

@book{RMT-firstcourse-Potters,
	title={A First Course in Random matriz Theory: for Physicists, Engineers and Data Scientists},
	author={Potters, M. and Bouchaud, J.P.},
	isbn={9781108488082},
	lccn={2020022793},
	year={2020},
	publisher={Cambridge University Press},
	address = {Cambridge, Inglaterra}
}

@book{leimmolecular,
	title={Molecular Dynamics: With Deterministic and Stochastic Numerical Methods},
	author={Leimkuhler, B. and Matthews, C.},
	isbn={9783319163758},
	series={Interdisciplinary Applied Mathematics},
	year={2015},
	publisher={Springer International Publishing},
	address = {Cham, Suiça}
}

@article{Stoltz2018,
	title={Langevin Dynamics With General Kinetic Energies},
	volume={16},
	ISSN={1540-3467},
	DOI={10.1137/16m110575x},
	number={2},
	journal={Multiscale Modeling \& amp; Simulation},
	publisher={Society for Industrial \& Applied Mathematics (SIAM)},
	author={Stoltz, Gabriel and Trstanova, Zofia},
	year={2018},
	month={jan},
	pages={777–806}
}

@article{NormalVariable,
	author = {Boiroju, Naveen},
	year = {2011},
	month = {01},
	pages = {83-85},
	title = {Generation of Standard Normal Random Variables},
	volume = {2},
	journal = {Indian Journal of Scientific Research}
}

@article{ChafaCoulombMeasure,
	title={Concentration for Coulomb gases and Coulomb transport inequalities},
	volume={275},
	ISSN={0022-1236},
	DOI={10.1016/j.jfa.2018.06.004},
	number={6},
	journal={Journal of Functional Analysis},
	publisher={Elsevier BV},
	author={Chafaï, Djalil and Hardy, Adrien and Maïda, Mylène},
	year={2018},
	month={sep}, 
	pages={1447–1483}
}

@article{Verlet,
	title = {Computer "Experiments" on Classical Fluids. I. Thermodynamical Properties of Lennard-Jones Molecules},
	author = {Verlet, Loup},
	journal = {Phys. Rev.},
	volume = {159},
	issue = {1},
	pages = {98--103},
	numpages = {0},
	year = {1967},
	month = {Jul},
	publisher = {American Physical Society},
	doi = {10.1103/PhysRev.159.98}
}

@article{DPD,
	doi = {10.1209/0295-5075/30/4/001},
	year = {1995},
	month = {may},
	publisher = {},
	volume = {30},
	number = {4},
	pages = {191},
	author = {P. Español and  P. Warren},
	title = {Statistical Mechanics of Dissipative Particle Dynamics},
	journal = {Europhysics Letters}
}

@article{Hoover,
	title = {Canonical dynamics: Equilibrium phase-space distributions},
	author = {Hoover, William G.},
	journal = {Phys. Rev. A},
	volume = {31},
	issue = {3},
	pages = {1695--1697},
	numpages = {0},
	year = {1985},
	month = {Mar},
	publisher = {American Physical Society},
	doi = {10.1103/PhysRevA.31.1695}
}

@article{PoterRosen,
	title = {"Repulsion of Energy Levels" in Complex Atomic Spectra},
	author = {Rosenzweig, Norbert and Porter, Charles E.},
	journal = {Phys. Rev.},
	volume = {120},
	issue = {5},
	pages = {1698--1714},
	numpages = {0},
	year = {1960},
	month = {Dec},
	publisher = {American Physical Society},
	doi = {10.1103/PhysRev.120.1698}
}

@article{MehtaGaudin,
	title = {On the density of Eigenvalues of a random matriz},
	journal = {Nuclear Physics},
	volume = {18},
	pages = {420-427},
	year = {1960},
	issn = {0029-5582},
	doi = {https://doi.org/10.1016/0029-5582(60)90414-4},
	author = {M.L. Mehta and M. Gaudin}
}

@article{Dyson,
	author = {Dyson, Freeman J.},
	title = {Statistical Theory of the Energy Levels of Complex Systems. I},
	journal = {Journal of Mathematical Physics},
	volume = {3},
	number = {1},
	pages = {140-156},
	year = {1962},
	month = {01},
	issn = {0022-2488},
	doi = {10.1063/1.1703773}
}

@InProceedings{Tracy,
	author = {Tracy, Craig and Widom, Harold},
	year = {1970},
	month = {01},
	pages = {753-765},
	title = {The Distributions of Random Matrix Theory and their Applications},
	isbn = {978-90-481-2809-9},
	doi = {10.1007/978-90-481-2810-5_48},
	booktitle= {New Trends in Mathematical Physics},
	publisher = {Springer Netherlands},
	address = {Dordrecht}
}

@book{weyl1946classical,
	title={The Classical Groups: Their Invariants and Representations},
	author={Weyl, H.},
	number={N{\textordmasculine} 1,pt. 1},
	isbn={9780691057569},
	lccn={67024230},
	series={Princeton Landmarks in Mathematics and Physics},
	url={https://books.google.com.br/books?id=zmzKSP2xTtYC},
	year={1946},
	publisher={Princeton University Press}
}

@incollection{MEHTA1967v,
	title = {Preface},
	editor = {M.L. MEHTA},
	booktitle = {Random Matrices and the Statistical Theory of Energy Levels},
	publisher = {Academic Press},
	year = {1967},
	isbn = {978-1-4832-3258-4},
	doi = {https://doi.org/10.1016/B978-1-4832-3258-4.50003-3},
	url = {https://www.sciencedirect.com/science/article/pii/B9781483232584500033},
	author = {M.L. MEHTA}
}

@misc{tao2008random,
	title={Random Matrices: The circular Law}, 
	author={Terence Tao and Van Vu},
	year={2008},
	eprint={0708.2895},
	archivePrefix={arXiv},
	primaryClass={math.PR}
}

@article{Byun_2023,
	title={Partition Functions of Determinantal and Pfaffian Coulomb Gases with Radially Symmetric Potentials},
	volume={401},
	ISSN={1432-0916},
	DOI={10.1007/s00220-023-04673-1},
	number={2},
	journal={Communications in Mathematical Physics},
	publisher={Springer Science and Business Media LLC},
	author={Byun, Sung-Soo and Kang, Nam-Gyu and Seo, Seong-Mi},
	year={2023},
	month=mar, pages={1627–1663} }